<record><leader>00000cas a22000007a 4500</leader><controlfield tag="001">23264851</controlfield><controlfield tag="008">910319d1uuu19uucouwr ne      0    0eng d</controlfield><datafield ind1=" " ind2=" " tag="010"><subfield code="a">sn 91052343 </subfield></datafield><datafield ind1=" " ind2=" " tag="040"><subfield code="a">CNQ</subfield><subfield code="b">eng</subfield><subfield code="c">CNQ</subfield><subfield code="d">OCLCQ</subfield></datafield><datafield ind1=" " ind2=" " tag="042"><subfield code="a">msc</subfield></datafield><datafield ind1="0" ind2=" " tag="130"><subfield code="a">New critic (Grand Junction, Colo.)</subfield></datafield><datafield ind1="1" ind2="4" tag="245"><subfield code="a">The new critic.</subfield></datafield><datafield ind1="1" ind2="3" tag="246"><subfield code="a">Grand Junction critic</subfield></datafield><datafield ind1=" " ind2=" " tag="250"><subfield code="a">State-wide ed.</subfield></datafield><datafield ind1=" " ind2=" " tag="260"><subfield code="a">Grand Junction, Colo. :</subfield><subfield code="b">L. Ross Conklin</subfield></datafield><datafield ind1=" " ind2=" " tag="300"><subfield code="a">v.</subfield></datafield><datafield ind1=" " ind2=" " tag="310"><subfield code="a">Weekly</subfield></datafield><datafield ind1=" " ind2=" " tag="580"><subfield code="a">Issued with: Colorado organizer.</subfield></datafield><datafield ind1=" " ind2=" " tag="588"><subfield code="a">Description based on: Vol. 3, no. 41 (June 16, 1916).</subfield></datafield><datafield ind1=" " ind2=" " tag="752"><subfield code="a">United States</subfield><subfield code="b">Colorado</subfield><subfield code="c">Mesa</subfield><subfield code="d">Grand Junction.</subfield></datafield><datafield ind1="1" ind2=" " tag="777"><subfield code="t">Colorado organizer</subfield><subfield code="w">(DLC)sn 91052344</subfield></datafield></record>